@book{nieto2002public,
  title={Public and private applications of video surveillance and biometric technologies},
  author={NIETO, Marcus and JOHNSTON-DODDS, Kimberly and SIMMONS, Charlene Wear},
  year={2002},
  publisher={California State Library, California Research Bureau California}
}

@article{viola2004robust,
  title={Robust real-time face detection},
  author={VIOLA, Paul and JONES, Michael J},
  journal={International journal of computer vision},
  volume={57},
  number={2},
  pages={137--154},
  year={2004},
  publisher={Springer}
}

@book{ourbiometricfuture,
  author = {GATES, Kelly},
  title = {Our Biometric Future: Facial Recognition Technology and the Culture of Surveillance},
  year = {2011},
  isbn = {0814732100, 9780814732106},
  publisher = {NYU Press},
} 



@book{nixon2008feature,
  title={Feature extraction \& image processing},
  author={NIXON, Mark},
  year={2008},
  publisher={Academic Press}
}

@misc{biometrie1,
  author = {Stephen MAYHEW},
  editor = {{Biometrics Research Group}},
  title = {History of Biometrics [online]},
  howpublished={URL "\url{http://www.biometricupdate.com/201501/history-of-biometrics}"},
  year = {2015},
  note = {[cit. 20.1.2017]}
}

@BOOK{biometriedrahan,
   author = {Martin DRAHANSK{\'{Y}} and Filip ORS{\'{A}}G and Michal
	DOLE{\v{Z}}EL},
   title = {Biometrie},
   pages = {294},
   year = {2011},
   location = {Brno, CZ},
   publisher = {Computer Press, s.r.o},
   edition = {1. vydání},
   ISBN = {978-80-254-8979-6},
   language = {czech},
   url = {http://www.fit.vutbr.cz/research/view_pub.php?id=9468}
}


@article{jain2000biometric,
  title={Biometric identification},
  author={JAIN, Anil and HONG, Lin and PANKANTI, Sharath},
  journal={Communications of the ACM},
  volume={43},
  number={2},
  pages={90--98},
  year={2000},
  publisher={ACM}
}


@ARTICLE{biometricguide, 
  author={S. LIU and M. SILVERMAN}, 
  journal={IT Professional}, 
  title={A practical guide to biometric security technology}, 
  year={2001}, 
  volume={3}, 
  number={1}, 
  pages={27-32}, 
  doi={10.1109/6294.899930}, 
  ISSN={1520-9202}, 
  month={Jan}
}




@article{zhang1997face,
  title={Face recognition: eigenface, elastic matching, and neural nets},
  author={ZHANG, Jun and YAN, Yong and LADES, Martin},
  journal={Proceedings of the IEEE},
  volume={85},
  number={9},
  pages={1423--1435},
  year={1997},
  publisher={IEEE}
}


@inproceedings{mckenna1997tracking,
  title={Tracking facial feature points with Gabor wavelets and shape models},
  author={MCKENNA, Stephen J and GONG, Shaogang and W{\"u}RTZ, Rolf P and TANNER, Jonathan and BANIN, Daniel},
  booktitle={International Conference on Audio-and Video-Based Biometric Person Authentication},
  pages={35--42},
  year={1997},
  organization={Springer}
}


@article{de2010face,
  title={Face recognition algorithms},
  author={DE CARRERA, Proyecto Fin and MARQUES, Ion},
  journal={Master's thesis in Computer Science, Universidad Euskal Herriko},
  year={2010}
}

@article{prabhu2009facial,
  title={Facial recognition using active shape models, local patches and support vector machines},
  author={PRABHU, Utsav and SESHADRI, Keshav},
  journal={contrib. andrew. cmu. edu},
  pages={1--8},
  year={2009},
  publisher={Citeseer}
}

@article{diefendorff1999pentium,
  title={Pentium III= Pentium II+ SSE},
  author={DIEFENDORFF, Keith},
  journal={Microprocessor Report},
  volume={13},
  number={3},
  pages={1--6},
  year={1999}
}


@article{ahonen2006face,
  title={Face description with local binary patterns: Application to face recognition},
  author={AHONEN, Timo and HADID, Abdenour and PIETIKAINEN, Matti},
  journal={IEEE transactions on pattern analysis and machine intelligence},
  volume={28},
  number={12},
  pages={2037--2041},
  year={2006},
  publisher={IEEE}
}

@book{nodal_points,
  title={Biometric technologies and verification systems},
  author={VACCA, John R},
  year={2007},
  publisher={Butterworth-Heinemann}
}


@misc{biometric_surveillance,
  author={Dmitry O. GORODNICHY},
  title = {Recognition in VIDEO [online]},
  howpublished = "URL: \url{http://www.videorecognition.com/doc/presentations/09-11-UofT-Gorodnichy-Lecture.ppt}",
  note = {[cit. 31.1.2017]}
}


@book{nixon2012feature,
  title={Feature extraction \& image processing for computer vision},
  author={NIXON, Mark S and AGUADO, Alberto S},
  year={2012},
  publisher={Academic Press}
}
